% This file was created with JabRef 2.10b2.
% Encoding: UTF-8

@PREAMBLE{
"\providecommand{\noopsort}[1]{}"
# "\providecommand{\singleletter}[1]{#1}"
}

@article{dolfin_ref,
 author = {Logg, Anders and Wells, Garth N.},
 title = {DOLFIN: Automated Finite Element Computing},
 journal = {ACM Trans. Math. Softw.},
 issue_date = {April 2010},
 volume = {37},
 number = {2},
 month = apr,
 year = {2010},
 issn = {0098-3500},
 pages = {20:1--20:28},
 articleno = {20},
 numpages = {28},
 url = {http://doi.acm.org/10.1145/1731022.1731030},
 doi = {10.1145/1731022.1731030},
 acmid = {1731030},
 publisher = {ACM},
 address = {New York, NY, USA},
 keywords = {DOLFIN, FEniCS project, code generation, form compiler},
} 


@Article{braams_karney:1989,
  Title                    = {Conductivity of a relativistic plasma},
  Author                   = {Braams, Bastiaan J. and Karney, Charles F. F.},
  Journal                  = {Physics of Fluids B},
  Year                     = {1989},
  Number                   = {7},
  Pages                    = {1355-1368},
  Volume                   = {1},
  Doi                      = {http://dx.doi.org/10.1063/1.858966},
  Url                      = {http://scitation.aip.org/content/aip/journal/pofb/1/7/10.1063/1.858966}
}

@article{pike_rose:2014,
  title = {Dynamical friction in a relativistic plasma},
  author = {Pike, O. J. and Rose, S. J.},
  journal = {Phys. Rev. E},
  volume = {89},
  issue = {5},
  pages = {053107},
  numpages = {5},
  year = {2014},
  month = {May},
  publisher = {American Physical Society},
  doi = {10.1103/PhysRevE.89.053107},
  url = {http://link.aps.org/doi/10.1103/PhysRevE.89.053107}
}

@article{eriksson_CPC_2003,
title = "Simulation of runaway electrons during tokamak disruptions ",
journal = "Computer Physics Communications ",
volume = "154",
number = "3",
pages = "175 - 196",
year = "2003",
note = "",
issn = "0010-4655",
doi = "http://dx.doi.org/10.1016/S0010-4655(03)00293-5",
url = "http://www.sciencedirect.com/science/article/pii/S0010465503002935",
author = "L.-G. Eriksson and P. Helander"
}

